
@article{Advect,
 author = {Kim, ByungMoon and Liu, Yingjie and Llamas, Ignacio and Rossignac, Jarek},
 title = {Advections with Significantly Reduced Dissipation and Diffusion},
 journal = {IEEE Transactions on Visualization and Computer Graphics},
 issue_date = {January 2007},
 volume = {13},
 number = {1},
 month = jan,
 year = {2007},
 issn = {1077-2626},
 pages = {135--144},
 numpages = {10},
 url = {http://dx.doi.org/10.1109/TVCG.2007.3},
 doi = {10.1109/TVCG.2007.3},
 acmid = {1187767},
 publisher = {IEEE Educational Activities Department},
 address = {Piscataway, NJ, USA},
 keywords = {Advection, Advection, diffusion, dissipation, fluid, smoke., diffusion, dissipation, fluid, smoke.},
}

@article{BFECC,
 author = {Dupont, Todd F. and Liu, Yingjie},
 title = {Back and Forth Error Compensation and Correction Methods for Removing Errors Induced by Uneven Gradients of the Level Set Function},
 journal = {J. Comput. Phys.},
 issue_date = {1 September 2003},
 volume = {190},
 number = {1},
 month = sep,
 year = {2003},
 issn = {0021-9991},
 pages = {311--324},
 numpages = {14},
 url = {http://dx.doi.org/10.1016/S0021-9991(03)00276-6},
 doi = {10.1016/S0021-9991(03)00276-6},
 acmid = {947860},
 publisher = {Academic Press Professional, Inc.},
 address = {San Diego, CA, USA},
 keywords = {flux corrected transport, front tracking, level set method},
}

@misc{Von_Karman,
author = {Wikipedia},
title = {Kármán vortex street},
month = Dec,
year = {2013},
howpublished = {\url{http://en.wikipedia.org/wiki/K%C3%A1rm%C3%A1n_vortex_street}},
}